<?xml version="1.0" encoding="UTF-8"?><record xmlns="http://www.loc.gov/MARC21/slim" xmlns:cinclude="http://apache.org/cocoon/include/1.0" xmlns:zs="http://www.loc.gov/zing/srw/">
  <leader>00439cz  a2200133n  4500</leader>
  <controlfield tag="001">n 2012183184</controlfield>
  <controlfield tag="003">DLC</controlfield>
  <controlfield tag="005">20120913075022.0</controlfield>
  <controlfield tag="008">120327n| acannaabn          |n aaa      </controlfield>
  <datafield tag="010" ind1=" " ind2=" ">
    <subfield code="a">n 2012183184</subfield>
  </datafield>
  <datafield tag="035" ind1=" " ind2=" ">
    <subfield code="a">(OCoLC)oca09156107</subfield>
  </datafield>
  <datafield tag="040" ind1=" " ind2=" ">
    <subfield code="a">DNLM</subfield>
    <subfield code="b">eng</subfield>
    <subfield code="c">DNLM</subfield>
    <subfield code="d">DNLM</subfield>
  </datafield>
  <datafield tag="100" ind1="1" ind2=" ">
    <subfield code="a">Ahmed, Stephanie W.</subfield>
  </datafield>
  <datafield tag="670" ind1=" " ind2=" ">
    <subfield code="a">DNP education, practice, and policy, c2012:</subfield>
    <subfield code="b">ECIP t.p. (Stephanie Ahmed, DNP, FNP-BC) bk. t.p. (Stephanie W. Ahmed, DNP, FNP-BC, DPNAP)</subfield>
  </datafield>
</record>